@article{barth2013multilevel,
  title={Multilevel Monte Carlo method for parabolic stochastic partial differential equations},
  author={Barth, Andrea and Lang, Annika and Schwab, Christoph},
  journal={BIT Numerical Mathematics},
  volume={53},
  number={1},
  pages={3--27},
  year={2013},
  publisher={Springer}
}
@article{kumar2018multigrid,
  title={A multigrid multilevel Monte Carlo method for transport in the Darcy--Stokes system},
  author={Kumar, Prashant and Luo, Peiyao and Gaspar, Francisco J and Oosterlee, Cornelis W},
  journal={Journal of Computational Physics},
  volume={371},
  pages={382--408},
  year={2018},
  publisher={Elsevier}
}
@article{barth2019multilevel,
  title={A Multilevel Monte Carlo Algorithm for Parabolic Advection-Diffusion Problems with Discontinuous Coefficients},
  author={Barth, Andrea and Stein, Andreas},
  journal={arXiv preprint arXiv:1902.02129},
  year={2019}
}
@book{sullivan2015introduction,
	title={Introduction to uncertainty quantification},
	author={Sullivan, Timothy John},
	volume={63},
	year={2em015},
	publisher={Springer}
}
@misc{siteM++,
	title = {M++ (Meshes, Multigrid and more)},
	howpublished={\url{http://www.math.kit.edu/ianm3/page/mplusplus/de}},
	note = {Accessed: 2019-10-17}
}
@techreport{de1986quantitative,
	title={Quantitative hydrogeology},
	author={De Marsily, Ghislain},
	year={1986},
	institution={Paris School of Mines, Fontainebleau}
}
@book{brenner2007mathematical,
	title={The mathematical theory of finite element methods},
	author={Brenner, Susanne and Scott, Ridgway},
	volume={15},
	year={2007},
	publisher={Springer Science \& Business Media}
}
@book{braess2013finite,
	title={Finite Elemente: Theorie, schnelle L{\"o}ser und Anwendungen in der Elastizit{\"a}tstheorie},
	author={Braess, Dietrich},
	year={2013},
	publisher={Springer-Verlag}
}
@book{brezzi2012mixed,
	title={Mixed and hybrid finite element methods},
	author={Brezzi, Franco and Fortin, Michel},
	volume={15},
	year={2012},
	publisher={Springer Science \& Business Media}
}
@article{arnold2002mixed,
	title={Mixed finite elements for elasticity},
	author={Arnold, Douglas N and Winther, Ragnar},
	journal={Numerische Mathematik},
	volume={92},
	number={3},
	pages={401--419},
	year={2002},
	publisher={Springer}
}
@article{roberts1991mixed,
	title={Mixed and hybrid methods},
	author={Roberts, Jean E and Thomas, J-M},
	year={1991},
	publisher={Elsevier}
}
@book{dobrowolski2010angewandte,
	title={Angewandte Funktionalanalysis: Funktionalanalysis, Sobolev-R{\"a}ume und elliptische Differentialgleichungen},
	author={Dobrowolski, Manfred},
	year={2010},
	publisher={Springer-Verlag}
}
@article{cockburn1998runge,
	title={The Runge--Kutta discontinuous Galerkin method for conservation laws V: multidimensional systems},
	author={Cockburn, Bernardo and Shu, Chi-Wang},
	journal={Journal of Computational Physics},
	volume={141},
	number={2},
	pages={199--224},
	year={1998},
	publisher={Elsevier}
}
@incollection{cockburn2000development,
	title={The development of discontinuous Galerkin methods},
	author={Cockburn, Bernardo and Karniadakis, George E and Shu, Chi-Wang},
	booktitle={Discontinuous Galerkin Methods},
	pages={3--50},
	year={2000},
	publisher={Springer}
}
@article{cockburn2001runge,
	title={Runge--Kutta discontinuous Galerkin methods for convection-dominated problems},
	author={Cockburn, Bernardo and Shu, Chi-Wang},
	journal={Journal of scientific computing},
	volume={16},
	number={3},
	pages={173--261},
	year={2001},
	publisher={Springer}
}
@book{knabner2013numerik,
	title={Numerik partieller Differentialgleichungen: eine anwendungsorientierte Einf{\"u}hrung},
	author={Knabner, Peter and Angermann, Lutz},
	year={2013},
	publisher={Springer-Verlag}
}
@article{ern2004theory,
	title={Theory and practice of finite elements. 2004},
	author={Ern, Alexander and Guermond, Jean-Luc},
	journal={Applied Mathematical Sciences},
	year={2004}
}
@InCollection{Har08b,
	author = 	 {Ralf Hartmann},
	title = 	 {Numerical Analysis of Higher Order Discontinuous {G}alerkin Finite Element Methods},
	booktitle = 	 {VKI LS 2008-08: CFD - ADIGMA course on very high order discretization methods, Oct. 13-17, 2008},
	publisher =	 {Von Karman Institute for Fluid Dynamics, Rhode Saint Gen{\`e}se, Belgium},
	year =	 2008,
	editor =	 {H. Deconinck},
}
@book{evans10,
	abstract = {"This is the second edition of the now definitive text on partial differential equations (PDE). It offers a comprehensive survey of modern techniques in the theoretical study of PDE with particular emphasis on nonlinear equations. Its wide scope and clear exposition make it a great text for a graduate course in PDE. For this edition, the author has made numerous changes, including: a new chapter on nonlinear wave equations, more than 80 new exercises, several new sections, and a significantly expanded bibliography."--Publisher's description.},
	added-at = {2015-07-29T08:37:26.000+0200},
	address = {Providence, R.I.},
	author = {Evans, Lawrence C.},
	biburl = {https://www.bibsonomy.org/bibtex/2f5b120723ea78913e7e700ddd1a99301/ytyoun},
	interhash = {59982ce44cc43813ccb14c0d647a59ee},
	intrahash = {f5b120723ea78913e7e700ddd1a99301},
	isbn = {9780821849743 0821849743},
	keywords = {partial.differential.equations pde textbook},
	publisher = {American Mathematical Society},
	refid = {465190110},
	timestamp = {2015-07-29T08:37:26.000+0200},
	title = {Partial differential equations},
	year = 2010
}
@book{lapeyre2003introduction,
	title={Introduction to Monte Carlo methods for transport and diffusion equations},
	author={Lapeyre, Bernard and Pardoux, Etienne and Sentis, Remi},
	volume={6},
	year={2003},
	publisher={Oxford University Press on Demand}
}
@book{hanke2002grundlagen,
	title={Grundlagen der numerischen Mathematik und des wissenschaftlichen Rechnens},
	author={Hanke-Bourgeois, Martin},
	volume={1},
	year={2002},
	publisher={Springer}
}

